@article{ahmed2014survey,
  title={Survey of Keylogger technologies},
  author={Ahmed, Yahye Abukar and Maarof, Mohd Aizaini and Hassan, Fuad Mire and Abshir, Mohamed Muse},
  journal={Int J Comput Sci Telecommun},
  volume={5},
  number={2},
  pages={31},
  year={2014}
}
@article{tuli2013system,
  title={System monitoring and security using keylogger},
  author={Tuli, Preeti and Sahu, Priyanka},
  journal={International Journal of Computer Science and Mobile Computing},
  volume={2},
  number={3},
  pages={106--111},
  year={2013}
}
@inproceedings{wood2010keyloggers,
  title={Keyloggers in Cybersecurity Education.},
  author={Wood, Christopher and Raj, Rajendra},
  booktitle={Security and Management},
  pages={293--299},
  year={2010},
  organization={Citeseer}
}
@article{butler2006r2,
  title={RË†2: The exponential growth of rootkit techniques},
  author={Butler, Jamie and Arbaugh, Bill and Petroni, Nick},
  journal={BlackHat USA},
  volume={2006},
  year={2006}
}
@book{ghostwires,
  title={Ghost in the Wires},
  author={Kevin Mitnick (with William L. Simon)},
  year={2012},
  publisher={Back Bay Books}
}